
@inproceedings{abuzaid11,
  title={The Design and Implementation of a Cryptographic Education Tool.},
  author={Abuzaid, Abdrah and Yuan, Xiaohong and Yu, Huiming and Chu, Bill},
  year={2011},
  month={01},
  pages={193-198},
  volume={1},
  journal={CSEDU 2011 - Proceedings of the 3rd International Conference on Computer Supported Education}
}

@mastersthesis{audino12,
  title={Objetos de aprendizagem hipermídia aplicado à cartografia escolar no sexto ano do ensino fundamental em geografia},
  author={Daniel Fagundes Audino},
  year={2012},
  publisher={Universidade Federal de Santa Catarina - UFSC},
  school={Universidade Federal de Santa Catarina - UFSC},
  pages={57}
}

@book{ausubel80,
  title={Psicologia educacional},
  author={David Paul Ausubel and Joseph Donald Novak and Helen Hanesian},
  year={1980},
  publisher={Interamericana},
  edition={2},
  ISBN={8520100848}
}

@conference{avelino07,
  title={Aplicações da criptografia em ambientes computacionais},
  author={Diogo Avelino and Izabel Cristina Avelino},
  year={2007},
  publisher={IV SEGeT – Simpósio de Excelência em Gestão e Tecnologia}
}

@book{banks09,
  title={Discrete-Event System Simulation},
  author={Jerry Banks and John S. Carson II and Barry L. Nelson},
  year={2009},
  publisher={Prentice Hall},
  edition={5},
  ISBN={9780136062127}
}

@article{barbosa15,
  title={O Uso de Objetos de Aprendizagem na Educação Financeira: Metodologia para Avaliação Pautada nos Aspectos Tecnológicos e Pedagógicos},
  author={Gisele Barbosa and Liamara Scortegagna},
  year={2015},
  publisher={Boletim GEPEM},
  ISSN={2176-2988}
}

@article{belmonte10,
  title={Ambientes virtuais de aprendizagem: Um panorama da produção nacional},
  author={Vanessa Belmonte and Márcia Gorett Ribeiro Grossi},
  year={2010},
  publisher={CEFET-MG - Centro Federal de Educação Tecnológica de Minas Gerais}
}

@book{braga14,
  title={Objetos de Aprendizagem Volume 1 - Introdução e Fundamentos},
  author={Juliana Cristina Braga},
  year={2014},
  publisher={Editora UFABC},
  ISBN={9788568576038}
}

@book{braga15,
  title={Objetos de Aprendizagem Volume 2 - Metodologia de Desenvolvimento},
  author={Juliana Cristina Braga},
  year={2015},
  publisher={Editora UFABC},
  ISBN={9788568576045}
}

@article{brocardo06,
  title={Introdução à certificação digital: da criptografia ao carimbo de tempo},
  author={Marcelo Luiz Brocardo and Carlos Roberto De Rolt and Reinaldo Fernandes},
  year={2006},
  publisher={BRy Tecnologia}
}

@article{costoldi09,
  title={A Utilização de Recursos Didático-Pedagógicos na Motivação da Aprendizagem},
  author={Rafael Castoldi and Celso Aparecido Polinarski},
  year={2009},
  publisher={I Simpósio Nacional de Ensino de Ciência e Tecnologia},
  ISBN={9788570140487}
}

@misc{cryptool14,
  author={\textit{CrypTool Contributors}},
  title={CrypTool 2},
  url={https://www.cryptool.org/en/ct2/},
  note={Acessado em 28/11/2020},
  year={2014}
}

@misc{cryptool16,
  author={\textit{CrypTool Contributors}},
  title={JCrypTool},
  url={https://www.cryptool.org/en/jct/},
  note={Acessado em 28/11/2020},
  year={2016}
}

@misc{cryptool20,
  author={\textit{CrypTool Contributors}},
  title={CrypTool},
  url={https://www.cryptool.org/},
  note={Acessado em 28/11/2020},
  year={2020}
}

@article{ferreira07,
  title={Os recursos didácticos no processo de ensino-aprendizagem - Estudo de caso da Escola Secundária Cónego Jacinto},
  author={Sheila Margarida Moreno Ferreira},
  year={2007},
  publisher={Universidade Jean Piaget de Cabo Verde}
}

@book{gaines56,
  title={Cryptanalysis: a study of ciphers and their solution},
  author={Helen Fouché Gaines},
  year={1956},
  publisher={Dover Publications},
  ISBN={9780486200972}
}

@article{garmpis11,
  title={Design and Development of a Web-based Interactive Software Tool for Teaching Operating Systems},
  author={Aristogiannis Garmpis},
  year={2011},
  volume={10},
  journal={Journal of Information Technology Education}
}

@inproceedings{geary19,
  title={Using Minecraft Education Edition to TeachCybersecurity Self-Defense},
  author={Jacob Geary and Tatum Ronke and Mark Geary},
  year={2019},
  month={03},
  volume={9},
  journal={Dakota State University - Annual Research Symposium}
}

@misc{gchq20,
  author={\textit{Government Communications Headquarters} - GCHQ},
  title={CyberChef},
  url={https://github.com/gchq/CyberChef/},
  note={Acessado em 28/11/2020},
  year={2020}
}

@article{hamawaki09,
  title={As ferramentas do ensino a distância e suas contribuições para a eficácia no processo de aprendizagem do aluno},
  author={Marina Hideko Hamawaki and Camila de Maria Pelegrini},
  year={2009},
  publisher={CEPPG - nº 21},
  ISSN={1517-847},
  pages={84 à 91}
}

@misc{itu91,
  title={Security architecture for open systems interconnection for CCITT applications: Recommendation X.800},
  author={International Telecommunication Union - ITU},
  year={1991},
  publisher={The international telegraph and telephone consultative committee - CCITT},
  note={Geneva}
}

@book{kenski07,
  title={Educação e Tecnologias: o novo ritmo da educação},
  author={Vani Moreira Kenski},
  year={2007},
  publisher={Papirus Editora},
  ISBN={9788530808280}
}

@article{kioki08,
  title={Um simulador didático como ferramenta de apoio ao ensino da disciplina de sistemas operacionais},
  author={Emily Yuriko Kioki and Patrick Piazza Santiago and Afonso Celso Soares},
  year={2008},
  publisher={Revista INICIA},
  volume={8}
}

@book{knudsen98,
  title={Java Cryptography},
  author={Jonathan Knudsen},
  year={1998},
  publisher={O'Reilly}
}

@mastersthesis{lopes12,
  title={MEMO: Software de apoio didático para o ensino de gerência de memória},
  author={Átila Rabelo Lopes},
  year={2012},
  publisher={Universidade Estadual do Ceará - UECE},
  school={Universidade Estadual do Ceará - UECE}
}

@inproceedings{luburic16,
  author={Luburić, Nikola and Stojkov, Milan and Savic, Goran and Sladic, Goran and Milosavljević, Branko},
  month={08},
  year={2016},
  pages={205-210},
  title={Crypto-tutor: An educational tool for learning modern cryptography},
  doi={10.1109/SISY.2016.7601498},
  ISBN={9781509028665}
}

@mastersthesis{maia01,
  title={SOsim: Simulador para o ensino de sistemas operacionais},
  author={Luiz Paulo Maia},
  year={2001},
  publisher={Universidade Federal do Rio de Janeiro - UFRJ},
  school={Universidade Federal do Rio de Janeiro - UFRJ}
}

@article{maia03,
  title={A simulator supporting lectures on operating systems},
  author={Luiz Paulo Maia and Ageu C. Pacheco},
  year={2003},
  publisher={33'd ASEE/IEEE Frontiers in Education Conference}
}

@misc{mountogiannakis15,
  author={Alexander George Mountogiannakis},
  title={S-DES Simulator},
  url={https://play.google.com/store/apps/details?id=com.sdesandroid&hl=en_CA},
  note={Acessado em 28/11/2020},
  year={2015}
}

@article{parra85,
  title={Didatica: dos modelos a pratica do ensino},
  author={Nélio Parra},
  year={1985},
  publisher={Cadernos de Didática},
  pages={1-18}
}

@misc{permadi18,
  title={S-DES Simulator},
  author={Edi Permadi},
  url={https://des-simulator.software.informer.com/},
  note={Acessado em 28/11/2020},
  year={2018}
}

@misc{piropo07,
  title={Enigma (máquina)},
  author={Benito Piropo},
  URL={https://www.bpiropo.com.br/fpc20071203.htm},
  note={Acessado em 16/12/2020},
  year={2007}
}

@book{salomon05,
  title={Coding for Data and Computer Communications},
  author={David Salomon},
  year={2005},
  publisher={Springer},
  ISBN={9780387212456}
}

@article{schaefer96,
  title={A Simplified Data Encryption Standard Algorithm},
  author={Edward F. Schaefer},
  journal={Cryptologia},
  volume={20},
  number={1},
  pages={77-84},
  month={Junho},
  year={1996},
  publisher={Taylor \& Francis},
  doi={10.1080/0161-119691884799},
  URL={https://doi.org/10.1080/0161-119691884799},
  eprint={https://doi.org/10.1080/0161-119691884799}
}

@book{severino18,
  title={Metodologia do trabalho científico},
  author={Antônio Joaquim Severino},
  year={2018},
  publisher={Cortez}
}

@inproceedings{short12,
  title={Teaching scientific concepts using a virtual world - Minecraft},
  author={Daniel Short},
  year={2012},
  month={09},
  volume={58},
  journal={Teaching Science}
}

@article{silva09,
  title={AES - Advanced Encryption Standard},
  author={SILVA, R.},
  year={2009},
  publisher={Instituto de Engenharia de Sistemas e Computadores – Investigação e Desenvolvimento (Lisboa)}
}

@article{silva12,
  title={Criptografia Quântica: Uma Alternativa Segura?},
  author={Iuan de Oliveira Silva and Antonio Rafael Pepece Junior},
  year={2012},
  publisher={Faculdade de Tecnologia de Ourinhos – FATEC}
}

@article{silva18,
  title={A utilização do modelo “Adedonha” como recurso didático-pedagógico para o ensino-aprendizagem},
  author={Maria Jucimara da Silva and Luana Micaelly Francisca de Andrade and Ricardo Pedro da Silva and Jardiele de Lemos Silva},
  year={2018},
  journal={V Congresso Nacional de Educação},
  publisher={Realize Editora},
  ISSN={1517-847}
}

@article{souza07,
  title={O uso de recursos didáticos no ensino escolar},
  author={Salete Eduardo de Souza},
  year={2007},
  journal={I Encontro de Pesquisa em Educação},
  publisher={Arq Mudi}
}

@book{stallings10,
  title={Cryptography and Network Security: Principles and Practices},
  author={William Stallings},
  year={2010},
  publisher={Prentice Hall},
  ISBN={0136097049}
}

@book{stallings14,
  title={Criptografia e Segurança de Redes: Princípios e Práticas},
  author={William Stallings},
  year={2014},
  publisher={Pearson}
}

@book{tanenbaum03,
  title={Redes de computadores},
  author={Andrew S. Tanenbaum},
  year={2003},
  publisher={Editora Campus}
}

@article{trivelato06,
  title={Prática docente: o que pensam os professores de ciências biológicas em formação},
  author={Silvia Luzia Frateschi Trivelato and Odisséa Boaventura de Oliveira},
  year={2006},
  journal={Políticas educacionais, tecnologias e formação do educador: repercussões sobre a didática e as práticas de ensino},
  publisher={XIII Encontro Nacional de Didática e Prática de Ensino - ENDIPE},
  ISBN={8537300683}
}

@misc{maqenigma20,
  title={Enigma (máquina)},
  author={Wikipédia},
  URL={https://pt.wikipedia.org/wiki/Enigma_(máquina)},
  note={Acessado em 28/11/2020},
  year={2020},
  publisher={Wikipédia}
}

@article{wiley02,
  title={The {ASTD} e-Learning handbook: Learning objects need instructional design theory},
  author={David Wiley},
  year={2002},
  publisher={McGraw-Hill},
  pages={115-126}
}

@misc{woo18,
  author={Jeong Geon Woo},
  title={S-DES Simulator},
  url={https://devgw.github.io/S-DES-simulator/index.html},
  note={Acessado em 28/11/2020},
  year={2018}
}

@book{young04,
  title={Malicious Cryptography: Exposing Cryptovirology},
  author={Adam Young and Moti Yung},
  year={2004},
  publisher={Wiley Publishing, Inc.},
  ISBN={9780764549755}
}

@inbook{younis20,
  title={Teaching Cryptography Using CYPHER (InteraCtive CrYPtograpHic Protocol TEaching and LeaRning)},
  author={Younis, Younis A. and Kifayat, Kashif and Shi, Qi and Matthews, Ellie and Griffiths, Gage and Lambertse, Rene},
  year={2020},
  isbn={9781450377362},
  publisher={Association for Computing Machinery},
  address={New York, NY, USA},
  url={https://doi.org/10.1145/3410352.3410742},
  abstract={The lack of cryptographic knowledge is one factor contributing to the cybersecurity skills gap. Cryptography is the core of the research in data security and a fundamental component in information assurance yet complex topic, with its purpose to conceal and authenticate information. Hence, teaching cryptography-based security protocols in an effective and engaging manner is a challenging problem throughout international HE sectors. With explanations usually based around mathematical notations, it can be a daunting and difficult subject for many students. This point is emphasized by the consistently lower marks achieved, in comparison to other course modules. To combat this, we propose the CYPHER platform, which delivers a motivating and engaging practical element to teaching and learning popular cryptographic protocols. It customizes a real-world scenarios that are illustrated by animation videos to depict and simplify a number of well-known cryptographic protocols. CYPHER provides an interactive learning experience, allowing the breakdown of complex topics to a level understood by each student. By providing assessment gamification, the delivered knowledge will be assessed in a fun way by playing a game to pass a number of stages and measure the level of understanding. The analysis of the evaluations' results showed that over 88\% of the students surveyed had found the CYPHER platform increased the overall speed of understanding.},
  booktitle={Proceedings of the 6th International Conference on Engineering \& MIS 2020},
  articleno={12},
  numpages={7}
}

% Sem referência:
@article{fips99,
  title={Data Encryption Standard (DES)},
  author={\textit{Federal Information Processing Standards} - FIPS},
  year={1999},
  publisher={U.S. Department of Commerce/National Institute of Standards and Technology}
}
